<record xmlns='http://www.loc.gov/MARC21/slim'><leader>01097cim a22003132u 4500</leader><controlfield tag='001'>3601096</controlfield><controlfield tag='005'>20151214182800.0</controlfield><controlfield tag='007'>ss|lmnjluz|nuu</controlfield><controlfield tag='008'>991101s1984    nyunnn         l    eng d</controlfield><datafield ind1=' ' ind2=' ' tag='035'><subfield code='a'>(NIC)notisASF8161</subfield></datafield><datafield ind1=' ' ind2=' ' tag='035'><subfield code='a'>3601096</subfield></datafield><datafield ind1=' ' ind2=' ' tag='035'><subfield code='a'>(OCoLC)63897045</subfield></datafield><datafield ind1=' ' ind2=' ' tag='040'><subfield code='a'>NIC</subfield><subfield code='c'>NIC</subfield><subfield code='d'>NIC</subfield><subfield code='d'>NIC</subfield></datafield><datafield ind1='1' ind2=' ' tag='100'><subfield code='a'>McCourt, James,</subfield><subfield code='d'>1941- </subfield></datafield><datafield ind1='1' ind2='0' tag='245'><subfield code='a'>James McCourt reads from &quot;Time Out of Mind&quot;</subfield><subfield code='h'>[sound recording]</subfield></datafield><datafield ind1=' ' ind2=' ' tag='260'><subfield code='c'>1984.</subfield></datafield><datafield ind1=' ' ind2=' ' tag='300'><subfield code='a'>1 sound cassette (63 min.) :</subfield><subfield code='b'>analog, mono.</subfield></datafield><datafield ind1=' ' ind2=' ' tag='500'><subfield code='a'>Recorded in Ithaca, NY by Cornell University.</subfield></datafield><datafield ind1=' ' ind2=' ' tag='500'><subfield code='a'>Sponsored by: Council on the Creative and Performing Arts.</subfield></datafield><datafield ind1=' ' ind2=' ' tag='518'><subfield code='a'>Reading, November 6, 1984.</subfield></datafield><datafield ind1=' ' ind2=' ' tag='520'><subfield code='a'>McCourt reads from his work in progress, &quot;Time Out of Mind&quot;.</subfield></datafield><datafield ind1='1' ind2='0' tag='600'><subfield code='a'>McCourt, James,</subfield><subfield code='d'>1941- </subfield></datafield><datafield ind1=' ' ind2='0' tag='650'><subfield code='a'>Literature, Modern</subfield><subfield code='y'>20th century.</subfield></datafield><datafield ind1='1' ind2='7' tag='600'><subfield code='a'>McCourt, James,</subfield><subfield code='d'>1941-</subfield><subfield code='2'>fast</subfield><subfield code='0'>(OCoLC)fst01455939</subfield></datafield><datafield ind1=' ' ind2='7' tag='648'><subfield code='a'>1900 - 1999</subfield><subfield code='2'>fast</subfield></datafield><datafield ind1=' ' ind2='7' tag='650'><subfield code='a'>Literature, Modern</subfield><subfield code='2'>fast</subfield><subfield code='0'>(OCoLC)fst01000172</subfield></datafield><datafield ind1='1' ind2=' ' tag='899'><subfield code='a'>CULectures</subfield></datafield><datafield ind1=' ' ind2=' ' tag='905'><subfield code='a'>20000330120000.0</subfield></datafield><datafield ind1='2' ind2=' ' tag='948'><subfield code='a'>20141221</subfield><subfield code='b'>m</subfield><subfield code='d'>batch</subfield><subfield code='e'>lts</subfield><subfield code='x'>addfast</subfield></datafield></record>